@article{rescue-operations,
author={Erdos, David and Erdos, Abraham and Watkins, Steve E.},
journal={IEEE Aerospace and Electronic Systems Magazine}, 
title={An experimental UAV system for search and rescue challenge}, 
year={2013},
volume={28},
number={5},
pages={32-37},
doi={10.1109/MAES.2013.6516147}}

@INPROCEEDINGS{data-collection,
author={Fraundorfer, Friedrich and Heng, Lionel and Honegger, Dominik and Lee, Gim Hee and Meier, Lorenz and Tanskanen, Petri and Pollefeys, Marc},
booktitle={2012 IEEE/RSJ International Conference on Intelligent Robots and Systems}, 
title={Vision-based autonomous mapping and exploration using a quadrotor MAV}, 
year={2012},
volume={},
number={},
pages={4557-4564},
doi={10.1109/IROS.2012.6385934}}

@InProceedings{inspection,
author="Al-Kaff, Abdulla
and Moreno, Francisco Miguel
and Jos{\'e}, Luis Javier San
and Garc{\'i}a, Fernando
and Mart{\'i}n, David
and de la Escalera, Arturo
and Nieva, Alberto
and Garc{\'e}a, Jos{\'e} Luis Meana",
editor="Rocha, {\'A}lvaro
and Correia, Ana Maria
and Adeli, Hojjat
and Reis, Lu{\'i}s Paulo
and Costanzo, Sandra",
title="VBII-UAV: Vision-Based Infrastructure Inspection-UAV",
booktitle="Recent Advances in Information Systems and Technologies",
year="2017",
publisher="Springer International Publishing",
address="Cham",
pages="221--231",
isbn="978-3-319-56538-5"
}

@InProceedings{agriculure,
author="H. Salo, V. Tirronen and F. Neri",
title="Evolutionary Regression Machines for Precision Agriculture",
booktitle="Applications of Evolutionary Computation",
year="2012",
publisher="Springer Berlin Heidelberg",
address="Berlin, Heidelberg",
pages="356--365",
isbn="978-3-642-29178-4"
}

@INPROCEEDINGS{gps-ins-cam,
author={Vincenzo Angelino, Cesario and Baraniello, Vincenzo Rosario and Cicala, Luca},
booktitle={Proceedings of the 16th International Conference on Information Fusion}, 
title={High altitude UAV navigation using IMU, GPS and camera}, 
year={2013},
volume={},
number={},
pages={647-654},
doi={}}

@INPROCEEDINGS{gps-ins,
author={Leutenegger, Stefan and Siegwart, Roland Y.},
booktitle={2012 IEEE International Conference on Robotics and Automation}, 
title={A low-cost and fail-safe Inertial Navigation System for airplanes}, 
year={2012},
volume={},
number={},
pages={612-618},
doi={10.1109/ICRA.2012.6225061}}

@article{rel-nav,
author = {Ellingson, Gary and Brink, Kevin and McLain, Tim},
title = {Relative navigation of fixed-wing aircraft in GPS-denied environments},
journal = {NAVIGATION},
volume = {67},
number = {2},
pages = {255-273},
doi = {https://doi.org/10.1002/navi.364},
url = {https://onlinelibrary.wiley.com/doi/abs/10.1002/navi.364},
year = {2020}
}

@INPROCEEDINGS{unobservable-1,
author={Weiss, Stephan and Achtelik, Markus W. and Lynen, Simon and Chli, Margarita and Siegwart, Roland},
booktitle={2012 IEEE International Conference on Robotics and Automation}, 
title={Real-time onboard visual-inertial state estimation and self-calibration of MAVs in unknown environments}, 
year={2012},
volume={},
number={},
pages={957-964},
doi={10.1109/ICRA.2012.6225147}}

@ARTICLE{unobservable-2,
author={Barfoot, Timothy D. and Furgale, Paul T.},
journal={IEEE Transactions on Robotics}, 
title={Associating Uncertainty With Three-Dimensional Poses for Use in Estimation Problems}, 
year={2014},
volume={30},
number={3},
pages={679-693},
doi={10.1109/TRO.2014.2298059}}

@ARTICLE{EKF-UAS-1,
  author={Wheeler, David O. and Koch, Daniel P. and Jackson, James S. and McLain, Timothy W. and Beard, Randal W.},
  journal={IEEE Control Systems Magazine}, 
  title={Relative Navigation: A Keyframe-Based Approach for Observable GPS-Degraded Navigation}, 
  year={2018},
  volume={38},
  number={4},
  pages={30-48},
  doi={10.1109/MCS.2018.2830079}}

  @book{EKF-UAS-2,
 ISBN = {9780691149219},
 URL = {http://www.jstor.org/stable/j.ctt7sbc4},
 author = {RANDAL W. BEARD and TIMOTHY W. McLAIN},
 publisher = {Princeton University Press},
 title = {Small Unmanned Aircraft: Theory and Practice},
 urldate = {2023-05-10},
 year = {2012}
}

@book{EKF-Robot,
place={Cambridge, MA}, 
title={Probabilistic Robotics}, 
publisher={MIT Press}, 
author={Thrun, Sebastian and Burgard, Wolfram and Fox, Dieter},
year={2010}} 

@article{rel-nav-1,
title={Relative navigation approach for vision-based aerial GPS-denied navigation}, 
volume={74}, 
DOI={10.1007/s10846-013-9914-7}, 
number={1–2}, 
journal={Journal of Intelligent \& Robotic Systems}, 
author={Leishman, Robert C. and McLain, Timothy W. and Beard, Randal W.}, 
year={2013}, 
pages={97–111}} 

@article{rel-nav-2, 
title={Relative navigation in GPS-degraded environments}, 
DOI={10.1002/9780470686652.eae1154}, 
journal={Encyclopedia of Aerospace Engineering}, 
author={Wheeler, David O. and Nyholm, Paul W. and Koch, Daniel P. and Ellingson, Gary J. and McLain, Timothy W. and Beard, Randal W.}, 
year={2016}, 
pages={1–10}} 

@manual{sindy-manual,
  title        = "Sindy UAV test platform assembly manual",
  author       = "István Gőzse and Máté Kisantal and Péter Onódi and Pierre Arnaud",
  organization = "Institute for Computer Sciences and Control",
  year         = "2016"
}

@article{irj, 
title={Navigációs célú jelfeldolgozás}, 
journal={Intelligens robotok és járművek labor}, 
author={Kis László and Gincsainé Szádeczky-Kardoss Emese}, 
year={2020}, 
pages={6}} 

@article{quaternions,
 ISSN = {03027597},
 URL = {http://www.jstor.org/stable/20520177},
 author = {W. R. Hamilton},
 journal = {Proceedings of the Royal Irish Academy (1836-1869)},
 pages = {424--434},
 publisher = {Royal Irish Academy},
 title = {On a New Species of Imaginary Quantities, Connected with the Theory of Quaternions},
 urldate = {2023-05-16},
 volume = {2},
 year = {1840}
}

@article{quaternion-eskf,
  author       = {Joan Sol{\`{a}}},
  title        = {Quaternion kinematics for the error-state Kalman filter},
  journal      = {CoRR},
  volume       = {abs/1711.02508},
  year         = {2017},
  url          = {http://arxiv.org/abs/1711.02508},
}

@misc{camera-matrix-slide,
  title = {8.2 Camera Matrix},
  author = {Kris Kitani},
  howpublished = {Presentation slide},
  month = {March},
  year = {2017},
}

@mastersthesis{image-based-INS,
    type="Master's thesis",
    author="Szabolcs Kun", 
    title ="Image-Based Inertial Navigation",
    school= "Budapest University of Technology and Economics",
    year="2021",
    month="5",
    address="Budapest, Hungary"
}  

@article{absolute-triangulation, 
title={Absolute triangulation algorithms for space exploration},
volume={46}, 
DOI={10.2514/1.g006989}, 
number={1}, 
journal={Journal of Guidance, Control, and Dynamics}, 
author={Henry, Sébastien and Christian, John A.}, 
year={2022}} 

@article{ResectionInSurvey_1918,
 ISSN = {00167398, 14754959},
 URL = {http://www.jstor.org/stable/1779558},
 author = {G. T. McCaw},
 journal = {The Geographical Journal},
 number = {2},
 pages = {105--123},
 publisher = {[Wiley, Royal Geographical Society (with the Institute of British Geographers)]},
 title = {Resection in Survey},
 urldate = {2023-10-29},
 volume = {52},
 year = {1918}
}

@inproceedings{TriagulationSpaceOrb1,
author = {Bernard, Arun and Nafi, Akhter Mahmud and Geller, David},
year = {2018},
month = {09},
pages = {},
title = {Using Triangulation in Optical Orbit Determination},
booktitle = {2018 AAS/AIAA Astrodynamics Specialist Conference}
}


@Article{TriagulationSpaceOrb2,
AUTHOR = {Chen, Long and Liu, Chengzhi and Li, Zhenwei and Kang, Zhe},
TITLE = {A New Triangulation Algorithm for Positioning Space Debris},
JOURNAL = {Remote Sensing},
VOLUME = {13},
YEAR = {2021},
NUMBER = {23},
ARTICLE-NUMBER = {4878},
URL = {https://www.mdpi.com/2072-4292/13/23/4878},
ISSN = {2072-4292},
DOI = {10.3390/rs13234878}
}

@article{Triang3D1,
author = {Hartley, Richard I. and Sturm, Peter},
title = {Triangulation},
year = {1997},
issue_date = {Nov. 1997},
publisher = {Elsevier Science Inc.},
address = {USA},
volume = {68},
number = {2},
ISSN = {1077-3142},
url = {https://doi.org/10.1006/cviu.1997.0547},
doi = {10.1006/cviu.1997.0547},
journal = {Comput. Vis. Image Underst.},
month = {nov},
pages = {146–157},
}

@article{Triang3D2,
title = {Automated reconstruction of 3D scenes from sequences of images},
journal = {ISPRS Journal of Photogrammetry and Remote Sensing},
volume = {55},
number = {4},
pages = {251-267},
year = {2000},
ISSN = {0924-2716},
doi = {https://doi.org/10.1016/S0924-2716(00)00023-X},
url = {https://www.sciencedirect.com/science/article/pii/S092427160000023X},
author = {M Pollefeys and R Koch and M Vergauwen and L {Van Gool}},
}

@article{Triang3D3,
author = {Snavely, Noah and Seitz, Steven M. and Szeliski, Richard},
title = {Modeling the World from Internet Photo Collections},
year = {2008},
issue_date = {November 2008},
publisher = {Kluwer Academic Publishers},
address = {USA},
volume = {80},
ISSN = {0920-5691},
url = {https://doi.org/10.1007/s11263-007-0107-3},
doi = {10.1007/s11263-007-0107-3},
journal = {Int. J. Comput. Vision},
month = {nov},
pages = {189–210}
}

@ARTICLE{TriangNav,
  author={Poirot, James L. and McWilliams, Gerald V.},
  journal={IEEE Transactions on Aerospace and Electronic Systems}, 
  title={Navigation by Back Triangulation}, 
  year={1976},
  volume={AES-12},
  number={2},
  pages={270-274},
  doi={10.1109/TAES.1976.308304}}

@book{matrixcomputations,
author = {Golub, Gene H. and Van Loan, Charles F.},
title = {Matrix Computations - 4th Edition},
publisher = {Johns Hopkins University Press},
year = {2013},
doi = {10.1137/1.9781421407944},
address = {Philadelphia, PA},
URL = {https://epubs.siam.org/doi/abs/10.1137/1.9781421407944},
}

@misc{discrete_kalman_tutorial,
  title = {Discrete Kalman Filter Tutorial},
  author = {Gabriel A. Terejanu},
  address = {University at Buffalo, Buffalo, NY 14260}
}

@article{oliver2003gaussian,
  author = {Oliver, D. S.},
  title = {Gaussian Cosimulation: Modelling of the Cross-Covariance},
  journal = {Mathematical Geology},
  year = {2003},
  doi = {10.1023/b:matg.0000002984.56637.ef}
}

@misc{pinhole_wikipedia,
  title = {Pinhole Camera - Wikipedia},
  author = {{Wikipedia contributors}},
  year = {2023},
  url = {https://en.wikipedia.org/wiki/Pinhole_camera},
  note = {Accessed: December 4, 2023}
}

@manual{stanford_camera_models,
  title = {CS231A Course Notes 1: Camera Models},
  author = {Kenji Hata and Silvio Savarese},
  organization = {Stanford University},
  year = {2021},
  howpublished = {\url{https://web.stanford.edu/class/cs231a/course_notes/01-camera-models.pdf}},
  note = {Accessed: December 4, 2023}
}

@misc{moorepenrose,
  author    = {Wikipedia contributors},
  title     = {Moore--Penrose inverse},
  year      = {2023},
  url       = {https://en.wikipedia.org/wiki/Moore%E2%80%93Penrose_inverse},
  note      = {Accessed: December 7, 2023},
}

@book{matrixtheory,
  author    = {Franklin, Joel N.},
  title     = {Matrix Theory},
  year      = {1968},
  publisher = {Dover Publications},
  isbn      = {978-0-486-41179-8},
}

@inbook{rao,
    publisher = {John Wiley \& Sons, Ltd},
    author = {C. Radhakrishna Rao},
    isbn = {9780470316436},
    title = {Linear Statistical Inference and its Applications},
    pages = {521},
    doi = {https://doi.org/10.1002/9780470316436.fmatter},
    url = {https://onlinelibrary.wiley.com/doi/abs/10.1002/9780470316436.fmatter},
    year = {1973}
}

@article{Alabert1987,
  author    = {Alabert, Francois},
  title     = {The practice of fast conditional simulations through the LU decomposition of the covariance matrix},
  journal   = {Mathematical Geology},
  year      = {1987},
  volume    = {19},
  number    = {5},
  pages     = {369--386},
  month     = {July 1},
  doi       = {10.1007/BF00897191},
  issn      = {1573-8868},
  url       = {https://doi.org/10.1007/BF00897191},
}

@article{Davis1987,
  author    = {Davis, Michael W.},
  title     = {Production of conditional simulations via the LU triangular decomposition of the covariance matrix},
  journal   = {Mathematical Geology},
  year      = {1987},
  volume    = {19},
  number    = {2},
  pages     = {91--98},
  month     = {February 1},
  doi       = {10.1007/BF00898189},
  issn      = {1573-8868},
  url       = {https://doi.org/10.1007/BF00898189},
}

@article{optic-flow,
    title = {Optical flow-based angular rate sensor fault detection on UAVs*},
    journal = {IFAC-PapersOnLine},
    volume = {55},
    number = {14},
    pages = {46-51},
    year = {2022},
    note = {11th IFAC Symposium on Intelligent Autonomous Vehicles IAV 2022},
    issn = {2405-8963},
    doi = {https://doi.org/10.1016/j.ifacol.2022.07.581},
    url = {https://www.sciencedirect.com/science/article/pii/S2405896322009922},
    author = {Peter Bauer and Szabolcs Kun},
    keywords = {angular rate fault detection, optical flow, UAV}
}

@misc{gps_navigation_slide,
  title={Navigáció és pályatervezés: A GPS alapjai},
  author={Gincsainé Szádeczky-Kardoss Emese and Kis László},
  institution={Budapesti Műszaki és Gazdaságtudományi Egyetem},
  department={Irányítástechnika és Informatika Tanszék},
  date={2022-10-04},
  location={Budapest},
  page={48},
}

@book{GNSS,
  title={GNSS--Global Navigation Satellite Systems: GPS, GLONASS, Galileo, and more},
  author={Bernhard Hofmann-Wellenhof and Herbert Lichtenegger and Elmar Wasle},
  year={2012},
  publisher={Springer Science \& Business Media}, 
  isbn = {978-3-211-73012-6}
}

@book{Beidou,
  title={GNSS Systems and Engineering: The Chinese Beidou Navigation and Position Location Satellite},
  author={Tan, S.},
  isbn={9781118897034},
  lccn={2017032714},
  year={2018},
  publisher={Wiley}
}

@ARTICLE{SLAM,
  author={Grisetti, Giorgio and Kümmerle, Rainer and Stachniss, Cyrill and Burgard, Wolfram},
  journal={IEEE Intelligent Transportation Systems Magazine}, 
  title={A Tutorial on Graph-Based SLAM}, 
  year={2010},
  volume={2},
  number={4},
  pages={31-43},
  doi={10.1109/MITS.2010.939925}}

@article{SOP,
  title={Efficient Transmitter Selection Strategies for Improved Information Gathering of Aerial Vehicle Navigation in GNSS-Denied Environments},
  author={Alexander A. Nguyen and Zaher M. Kassas},
  journal={IEEE Transactions on Aerospace and Electronic Systems},
  year={2023},
  doi={10.1109/MAES.2023.3266179},
  note={DOI. No. 10.1109/MAES.2023.3266179}
}

@article{SOP-terrestrial,
  title={Cognitive Detection of Unknown Beacons of Terrestrial Signals of Opportunity for Localization},
  author={Mohammad Neinavaie and Joe Khalife and Zaher M. Kassas},
  journal={IEEE Transactions on Wireless Communications},
  month={August},
  year={2023},
}

@article{SOP-LEO,
  title={Unveiling Starlink LEO Satellite OFDM-Like Signal Structure Enabling Precise Positioning},
  journal={IEEE Transactions on Aerospace and Electronic Systems},
  year={2023}, 
  author = {Mohammad Neinavaie and Zaher M. Kassas}
}

@inproceedings{matrix-calculus,
  title={Convex Optimization \& Euclidean Distance Geometry},
  author={Jon Dattorro},
  year={2004},
  url={https://api.semanticscholar.org/CorpusID:118300585},
  chapter={Matrix Calculus},
}

@INPROCEEDINGS{KLT,
  author={Jianbo Shi and Tomasi},
  booktitle={1994 Proceedings of IEEE Conference on Computer Vision and Pattern Recognition}, 
  title={Good features to track}, 
  year={1994},
  volume={},
  number={},
  pages={593-600},
  doi={10.1109/CVPR.1994.323794}}

@INPROCEEDINGS{basler,
  author={Bauer, Peter and Zarandy, Akos and Hiba, Antal and Bokor, Jozsef},
  booktitle={CNNA 2018; The 16th International Workshop on Cellular Nanoscale Networks and their Applications}, 
  title={Camera-based In-time Detection of Intruder Aircraft}, 
  year={2018},
  volume={},
  number={},
  pages={1-4},
  doi={}}

@article {spoofing-1,
	Title = {On GPS spoofing of aerial platforms: a review of threats, challenges, methodologies, and future research directions},
	Author = {Khan, Shah Zahid and Mohsin, Mujahid and Iqbal, Waseem},
	DOI = {10.7717/peerj-cs.507},
	Volume = {7},
	Year = {2021},
	Journal = {PeerJ. Computer science},
	ISSN = {2167-9843},
	Pages = {e507},
	URL = {https://europepmc.org/articles/PMC8114815},
}

@INPROCEEDINGS{spoofing-2,
  author={Qiao, Yinrong and Zhang, Yuxing and Du, Xiao},
  booktitle={2017 13th International Conference on Computational Intelligence and Security (CIS)}, 
  title={A Vision-Based GPS-Spoofing Detection Method for Small UAVs}, 
  year={2017},
  volume={},
  number={},
  pages={312-316},
  doi={10.1109/CIS.2017.00074}}

